%Bibliography file for EU8.


@Book{Bogdan-Lorraine,
  author = {Henry Bogdan},
  title = {La {L}orraine des ducs},
  subtitle = {Sept si\`{e}cles d'histoire},
  publisher = {Perrin},
  address = {Paris}
  series = {Pour l'histoire},
  year = {2005}
}


@Book{Mourre,
  author = {Michel Mourre},
  title = {Dictionnaire encyclop\'{e}dique d'histoire},
  publisher = {Bordas},
  address = {Paris}
}

@Book{Universalis,
  title = {Encyclop\ae{}dia {U}niversalis},
  publisher = {Encyclop\ae{}dia Universalis France S.A.},
  address = {Paris}
}

@Book{Geographica,
  title = {Geographica},
  subtitle = {Atlas mondial illustr\'{e}},
  publisher = {K\"{o}nemann},
  year = {2000}
}

@Book{KB-Atlas,
  title = {Atlas classique},
  author = {Robert Kienast and A. J.-C. Bertrand},
  publisher = {Delagrave},
  year = {1968}
}

@Book{Robert,
  author = {Paul Robert},
  title = {Dictionnaire universel des noms propres},
  publisher = {Soci\'{e}t\'{e} du nouveau Littr\'{e}},
  address = {Paris}
}

@Book{Moreri,
  author = {Louys Moreri},
  title = {Le grand dictionnaire historique ou le m\'{e}lange curieux de l'histoire sacr\'{e}e et profane},
  year = {1688}
}

@Book{EU,
  author = {Philippe Thibaut},
  title = {Europa Universalis -- R\`{e}gles},
  publisher = {Azure Wish Edition},
  year = 1993
}

@Book{Risto,
  author = {Risto Majormaa},
  title = {EU events rewrite}
}

@Book{Braudel,
  author = {Fernand Braudel},
  title = {La {M}\'{e}diterran\'{e}e},
  subtitle = {et le monde m\'{e}diterran\'{e}en \`{a} l'\'{e}poque de Philippe {II}},
  publisher = {Le livre de poche},
  series = {r\'{e}f\'{e}rences},
  year = {1949-1990},
  notes = {1. La part du milieu ; 2. Destins collectifs et mouvements d'ensemble ; 3. Les \'{e}v\'{e}nements, la politique et les hommes}
}

@Book{FWR,
  author = {Arlette Jouanna and Jaqueline Boucher and Dominique Biloghi and Guy Le Thiec},
  title = {Histoire et dictionnaire des guerres de religion},
  publisher = {Robert Lafont},
  address = {Paris},
  series = {Bouquins},
  year = {1998}
}
